
@article{Vershynin11,
    year={2011},
    journal={Probability Theory and Related Fields},
    volume={150},
    number={3-4},
    title={Spectral norm of products of random and deterministic matrices},
    publisher={Springer-Verlag},
    author={Vershynin, Roman},
    pages={471-509},
}
